@Article{Pauli1930,
  author = {W. Pauli},
  title = {Letter to Tü bingen conference participants},
  year   = {1930},
  url    = {//www.math.utah.edu/~beebe/talks/2015/qtm/pdf/ pauli-1930-ltc.pdf.},
}

@Article{SuperKamiokande1998,
  author  = {Y. Fukuda et al. (Super-Kamiokande)},
  journal = {Phys. Rev.Lett. 81, 1562 hep-ex/9807003.},
  title   = {Evidence for oscillation of atmospheric neutrinos},
  year    = {1998},
}

@Article{Fermi1938,
  journal   = {Nature},
  title     = {Prof. Enrico Fermi},
  year      = {1938},
  month     = {nov},
  number    = {3603},
  pages     = {906--907},
  volume    = {142},
  doi       = {https://doi.org/10.1038/142906c0},
  publisher = {Springer Science and Business Media {LLC}},
}

@Article{Arenz2016,
  author  = {M. Arenz et al. (KATRIN), },
  journal = {J. Instr. 11, P04011, 1603.01014.},
  title   = {Commissioning of the vacuum system of the KATRIN Main Spectrom- eter},
  year    = {2016},
}

@Article{Project82017,
  author  = {A. Ashtari Esfahani et al. (Project 8)},
  journal = { J. Phys. G 44, 054004, 1703.02037.},
  title   = {Determining the neutrino mass with cyclotron radiation emission spectroscopy—Project 8},
  year    = {2017},
}

@Article{Penning1936,
  author  = {F. Penning},
  journal = { Physica 3, 873 },
  year    = {1936},
}

@Article{Reines1953,
  author  = {F. Reines and C. L. Cowan },
  journal = {Phys. Rev. 92, 830},
  title   = {Detection of the free neutrino},
  year    = {1953},
}

@Article{C.L.Cowan1956,
  author  = {C. L. Cowan, and F. Reines, and F. B. Harrison, and H. W. Kruse, and A. D. McGuire },
  journal = { Science 124, 103 },
  title   = {Detection of the free neutrino: A Confirmation},
  year    = {1956},
}

@Article{Knoll2010,
  author  = {Knoll, Glenn F},
  journal = { Wiley, ISBN-13: 978-0470131480.},
  title   = {Radiation Detection and Measurement 4th Edition},
  year    = {2010},
}

@Article{Formaggio2021,
  author  = {Formaggio, J. A., and de Gouvêa, A. L. C., and Robertson, R. G. H.},
  journal = {Physics Reports, 914, 1–54},
  title   = {Direct measurements of neutrino mass},
  year    = {2021},
  doi     = {https://doi.org/10.1016/j.physrep.2021.02.002},
}

@Article{Kopp2010,
  author  = {J. Kopp and A. Merle },
  journal = {Phys. Rev. C 81, 045501},
  title   = {Ultralow Q values for neutrino mass measurements},
  year    = {2010},
  url     = {https://link.aps.org/doi/10.1103/PhysRevC.81.045501.},
}

@Article{Hardy2012,
  author  = {J. C. Hardy},
  journal = {AIP Conference Proceedings 1498, 106 },
  title   = {Superallowed nuclear beta decay: Precision measurements for basic physics},
  year    = {2012},
  doi     = {https://doi.org/10.1063/1.4768485},
}

@Article{Heer1963,
  author  = {Heer, C. V. },
  journal = {Rev. Sci. Instrum 34(5), 532–537},
  title   = {Feasibility of Containment of Quantum Magnetic Dipoles. Review of Scientific Instruments},
  year    = {1963},
  doi     = {10.1063/1.1718426},
}

@book{zuber2011neutrino,
  title={Neutrino Physics, Second Edition},
  author={Zuber, K.},
  isbn={9781420064711},
  lccn={2010024641},
  series={Series in High Energy Physics, Cosmology and Gravitation},
  url={https://books.google.com.co/books?id=ODRaQiIINvkC},
  year={2011},
  publisher={Taylor \& Francis}
}

@Article{D.J.Wineland1978,
  author  = {D. J. Wineland, R. E. Drullinger, and F. L. Walls},
  journal = {Phys. Rev. Lett. 40, 1639 },
  title   = {Radiation-Pressure Cooling of Bound Resonant Absorbers},
  year    = {1978},
}

@Article{Lesgourgues2006,
  author  = {J. Lesgourgues and S. Pastor },
  journal = {Phys. Rep. 429, 307},
  title   = {Massive neutrinos and cosmology},
  year    = { 2006},
  doi     = {10.1016/j.physrep.2006.04.001},
}

@Article{T.Bergeman1987,
  author  = {T. Bergeman, Gidon Erez, and Harold J. Metcalf },
  journal = {Phys. Rev. A 35, 1535},
  title   = {Magnetostatic trapping fields for neutral atoms },
  year    = {1987},
  doi     = {https://doi.org/10.1103/PhysRevA.35.1535},
}

@Article{Monreal2009,
  author  = {B. Monreal and J. A. Formaggio},
  journal = {Phys. Rev. D 80, 051301(R)},
  title   = {Relativistic cyclotron radiation detection of tritium decay electrons as a new technique for measuring the neutrino mass},
  year    = {2009},
  doi     = {10.1103/PhysRevD.80.051301},
}

@Article{Migdall1985,
  author  = {A. L. Migdall, and J. V. Prodan, and W. D. Phillips, and T. H. Bergeman, and H. J. Metcalf},
  journal = {Phys. Rev. Lett. 54, 2596 },
  title   = {First Observation of Magnetically Trapped Neutral Atoms},
  year    = {1985},
  doi     = {10.1103/physrevlett.54.2596},
}

@Article{Ashtari2019,
  author  = {A. Ashtari Esfahani et al. (Project 8 Collaboration)},
  journal = {Phys. Rev. C 99, 055501},
  title   = {Electron radiated power in cyclotron radiation emission spectroscopy experiments},
  year    = {2019},
  doi     = {https://doi.org/10.1103/PhysRevC.99.055501},
}

@Article{Asner2015,
  author  = {D. M. Asner, and R. F. Bradley, et al. (Project 8 Collaboration)},
  journal = {Phys. Rev. Lett., 114(16), 162501},
  title   = {Single-Electron Detection and Spectroscopy via Relativistic Cyclotron Radiation},
  year    = {2015},
  doi     = {10.1103/physrevlett.114.162501},
}

@Article{Larmor1897,
  author  = {J. Larmor},
  journal = {Philosophical Transactions of the Royal Society A: Mathematical, Physical and Engineering Sciences, 190(0), 205–493},
  title   = {A dynamical theory of the electric and luminiferous medium — Part III. relations with material media},
  year    = {1897},
  doi     = {https://doi.org/10.1098/rsta.1897.0020},
}

@Article{Heaviside1904,
  author  = {O. Heaviside },
  journal = {Nature, 69(1787), 293–294},
  title   = {The Radiation from an Electron describing a Circular Orbit},
  year    = {1904},
  doi     = { doi:10.1038/069293b0 },
}

@Article{VanDyck1977,
  author  = {R.S. Van Dyck, and P.B. Schwinberg, and H.G. Dehmelt},
  journal = {Phys. Rev. Lett., 38(7), 310–314. },
  title   = { Precise Measurements of Axial, Magnetron, Cyclotron, and Spin-Cyclotron-Beat Frequencies on an Isolated 1-meV Electron},
  year    = {1977},
  doi     = {doi:10.1103/PhysRevLett.38.310},
}

@Book{Jackson1999,
  author    = {J. D. Jackson},
  publisher = {Wiley},
  title     = {Classical Electrodynamics },
  year      = {1999},
  edition   = {3rd},
  isbn      = {9780471309321},
  note      = {Pg. 661-671}
}

@Article{Larmor1897-2,
  author  = { Larmor, J. },
  journal = {Philosophical Magazine Series 5, 44(271), 503–512. },
  title   = {LXIII. On the theory of the magnetic influence on spectra; and on the radiation from moving ions},
  year    = {1897},
  doi     = { 10.1080/14786449708621095     },
}

@Book{Griffiths.2009,
  author    = {D.J. Griffiths.},
  publisher = {PHI Learning Private Ltd},
  title     = { Introduction to electrodynamics},
  year      = {2009},
  note      = {Pg. 484-486, 488-489},
}

@Book{Visser2012,
  author    = {Hubregt J Visser},
  publisher = {John Wiley \& Sons},
  title     = {Antenna theory and applications},
  year      = {2012},
  isbn      = { 9781119990253},
  note      = {Pg. 41-42, 84-85},
}

@Article{Aker2021,
  author  = {M. Aker ; et al},
  journal = {arXiv preprint arXiv:2105.08533},
  title   = {First direct neutrino-mass measurement with sub-eV sensitivity},
  year    = {2021},
  doi     = {https://doi.org/10.48550/arXiv.2105.08533},
}


@Book{Farahani2008,
  author    = {Farahani, Shahin },
  publisher = {Newnes},
  title     = {ZigBee Wireless Networks and Transceivers },
  year      = {2008},
  isbn      = {0750683937; 9780750683937},
  note      = {Chapter 5: RF Propagation, Antennas, and Regulatory Requirements.},
  doi       = {10.1016/B978-0-7506-8393-7.00005-4 },
}

@Article{Brown1986,
  author  = {Brown, Lowell S.; Gabrielse, Gerald },
  journal = {Reviews of Modern Physics, 58(1), 233–311. },
  title   = {Geonium theory: Physics of a single electron or ion in a Penning trap.},
  year    = { 1986},
  doi     = { doi:10.1103/revmodphys.58.233},
}

@misc{LockinAmpRef01,
 title={About lock-in amplifiers}, url={https://www.thinksrs.com/downloads/pdfs/applicationnotes/AboutLIAs.pdf}, 
 journal={www.thinksrs.com}} ,
}

@misc{StepResponseRef,
 title={Basic linear design - Analog devices}, url={https://www.analog.com/media/en/training-seminars/design-handbooks/Basic-Linear-Design/Chapter8.pdf}, 
 journal={www.analog.com}},
}

@Article{Bula2010,
  author  = {Bula, Dawid ; Pasko, Marian },
  journal = { IEEE 2010 International School on Nonsinusoidal Currents and Compensation (ISNCC) - Lagow, Poland (2010.06.15-2010.06.18)]},
  title   = {Hybrid power filter with single tuned passive filter - dynamical properties.   },
  year    = {2010},
  pages   = {80–83. },
  doi     = {doi:10.1109/ISNCC.2010.5524521},
}

@Book{Fernow2016,
  author    = {Richard C. Fernow},
  publisher = {Cambridge University Press},
  title     = {Principles of Magnetostatics },
  year      = {2016},
  isbn      = {9781316676127},
  pages     = {165-169.},
  doi       = {https://doi.org/10.1017/CBO9781316676127},
}

@misc{gauss2022, 
 title={Gaussian quadrature}, url={https://en.wikipedia.org/wiki/Gaussian_quadrature}, journal={Wikipedia}, 
 publisher={Wikimedia Foundation}, 
}

@Article{Ford1991,
  author  = {G.W. Ford; R.F. O'Connell },
  journal = {Phys. Lett. A 157(4-5)},
  title   = {Radiation reaction in electrodynamics and the elimination of runaway solutions},
  year    = {1991},
  note    = {Pg. 217–220},
  doi     = {doi:10.1016/0375-9601(91)90054-c},
}

@Book{Boris1970,
  author    = {J. Boris},
  editor    = {J. Boris; R Shanny},
  publisher = {Naval Research Laboratory, Washington DC},
  title     = {Proceedings, Fourth Conference on Numerical Simulation of Plasmas },
  year      = {1970},
}

@Article{Hong2013,
  author  = {Hong ,Qin; et al},
  journal = {Physics of Plasmas 20, 084503 },
  title   = {Why is Boris algorithm so good?},
  year    = {2013},
  doi     = {https://doi.org/10.1063/1.4818428},
}

@Article{Diehl2011,
  author  = {Christoph Diehl},
  journal = {Combined Faculties of the Natural Sciences and Mathematics of the Ruperto-Carola-University of Heidelberg, Germany},
  title   = {First mass measurements with the MPIK/UW-PTMS},
  year    = {2011},
}

@misc{steidl, 
  title = {Katrin -measurement principle}, 
  url = {https://www.katrin.kit.edu/79.php}, 
  journal = {KIT}, 
  author = {Steidl, Markus},
 } 
 
@Article{Nyquist1928,
  author  = {H. Nyquist},
  journal = {Phys. Rev. 32, 110-113},
  title   = {Thermal Agitation of Electric Charge in Conductors},
  year    = {1928},
  doi     = {https://doi.org/10.1103/PhysRev.32.110},
}

@Book{Kittel1980,
  author    = {Charles Kittel; Herbert Kroemer},
  publisher = {W. H. Freeman},
  title     = {Thermal Physics},
  year      = {1980},
  isbn      = {0716710889; 9780716710882},
  note      = {Pg 98-102},
}

@book{reif1965,
  title={Fundamentals of statistical and thermal physics},
  author={Reif, Frederick},
  year={1965},
  publisher={McGraw-Hill},
  note = {Pg 589-594},
}

@Article{Paul2009,
  author  = {Paul, Kinsler; et al},
  journal = {Eur. J. Phys. 30, 983 },
  title   = {Four Poynting Theorems},
  year    = {2009},
  doi     = {https://doi.org/10.48550/arXiv.0908.1721},
}

@Article{Lode2021,
  author  = {Lode, Wylleman; et al},
  journal = {Class. Quantum Grav. 38 165009},
  title   = {Poynting vector, super-Poynting vector, and principal observers in electromagnetism and general relativity},
  year    = { 2021},
  doi     = {https://doi.org/10.48550/arXiv.2007.15384},
}

@misc{private1,
  author  = {Yorck Ramachers; Stafford Withington},
  note    = {Private communications},
}

@misc{githublink,
  url     = {https://github.com/josephDuque/FinalYearProjectQTNM_u1803982.git},
}
